

@article{aho_compillers,
  title={Компиляторы: принципы, технологии и инструментарий},
  author={Ахо, А and Лам, М and Сети, Рави and Ульман, Дж},
  journal={М.: Вильямс},
  volume={1},
  pages={257},
  year={2008},
  language =     "russian"
}

@book{bodner2024learninggo,
  title={Learning Go},
  author={Bodner, Jon},
  year={2024},
  publisher={" O'Reilly Media, Inc."},
  language =     "russian"
}

@book{wilhelm1995compiler,
  title={Compiler design},
  author={Wilhelm, Reinhard and Maurer, Dieter and others},
  year={1995},
  publisher={Springer},
  language =     "russian"
}

@article{aho1978synt,
  title={Теория синтаксического анализа, перевода и компиляции. Синтаксический анализ},
  author={Ахо А, Ульман Дж},
  year={1978},
  language =     "russian"
}

@article{kandomski2018lexers,
  title={ИССЛЕДОВАНИЕ ВОЗМОЖНОСТИ СОЗДАНИЯ УНИВЕРСАЛЬНОГО ЯЗЫКА ПРОГРАММИРОВАНИЯ ВЫСОКОГО УРОВНЯ},
  author={Кадомский, Андрей Андреевич and Сабинин, Олег Юрьевич},
  journal={Theoretical \& Applied Science},
  number={5},
  pages={84--90},
  year={2018},
  publisher={Теоретическая и прикладная наука},
  language =     "russian"
}

@book{sippu2013parsing,
  title={Parsing Theory: Volume II LR (k) and LL (k) Parsing},
  author={Sippu, Seppo and Soisalon-Soininen, Eljas},
  volume={20},
  year={2013},
  publisher={Springer Science \& Business Media},
  language =     "russian"
}

@book{lesk1975lex,
  title={Lex: A lexical analyzer generator},
  author={Lesk, Michael E and Schmidt, Eric},
  volume={39},
  year={1975},
  publisher={Bell Laboratories Murray Hill, NJ}
}

@online{flexdoc,
  author = { Vern Paxson},
  title = {Flex -- A fast scanner generator Edition},
  year = {1995},
  url = {https://ftp.gnu.org/old-gnu/Manuals/flex-2.5.4/html_mono/flex.html},
  urldate = {20.03.2024},
  language =     "russian"
}

@article{parr2013definitive,
  title={The definitive ANTLR 4 reference},
  author={Parr, Terence},
  journal={The Definitive ANTLR 4 Reference},
  pages={1--326},
  year={2013},
  publisher={The Pragmatic Bookshelf},
  language =     "russian"
}


@online{cocordoc,
  author = { Hanspeter, Mössenböck and Markus Löberbauer and Albrecht, Wöß},
  title = {The Compiler Generator Coco/R},
  year = {2018},
  url = {https://ssw.jku.at/Research/Projects/Coco/},
  urldate = {20.03.2024},
  language =     "russian"
}

@article{appel1989runtime,
  title={A Runtime System},
  author={Appel, Andrew Wilson},
  journal={Journal of Lisp and Symbolic Computation 3},
  pages={343-380},
  year={1990},
  publisher={The Princeton University},
  language =     "russian"
}

@online{llvm_ofsite,
  author = { LLVM Foundation},
  title = {The LLVM Compiler Infrastructure Project},
  year = {2024},
  url = {https://llvm.org/},
  urldate = {21.03.2024},
  language =     "russian"
}

@article{vichare2008conceptual,
  title={The Conceptual Structure of GCC},
  author={Vichare, Abhijat},
  journal={Indian Institute of Technology, Bombay},
  year={2008}
}







@article{bruno2018study,
  title={A study on garbage collection algorithms for big data environments},
  author={Bruno, Rodrigo and Ferreira, Paulo},
  journal={ACM Computing Surveys (CSUR)},
  volume={51},
  number={1},
  pages={1--35},
  year={2018},
  publisher={ACM New York, NY, USA},
  language =     "russian"
}

@article{appel1989simple,
  title={Simple generational garbage collection and fast allocation},
  author={Appel, Andrew W},
  journal={Software: Practice and experience},
  volume={19},
  number={2},
  pages={171--183},
  year={1989},
  publisher={Wiley Online Library},
  language =     "russian"
}

@article{gidra2013study,
  title={A study of the scalability of stop-the-world garbage collectors on multicores},
  author={Gidra, Lokesh and Thomas, Ga{\"e}l and Sopena, Julien and Shapiro, Marc},
  journal={ACM SIGPLAN Notices},
  volume={48},
  number={4},
  pages={229--240},
  year={2013},
  publisher={ACM New York, NY, USA},
  language =     "russian"
}

@article{collins1960method,
  title={A method for overlapping and erasure of lists},
  author={Collins, George E},
  journal={Communications of the ACM},
  volume={3},
  number={12},
  pages={655--657},
  year={1960},
  publisher={ACM New York, NY, USA},
  language =     "russian"
}

@article{mccarthy1960recursive,
  title={Recursive functions of symbolic expressions and their computation by machine, part I},
  author={McCarthy, John},
  journal={Communications of the ACM},
  volume={3},
  number={4},
  pages={184--195},
  year={1960},
  publisher={ACM New York, NY, USA}
}

@Book{Pup09,
  author =		 {Василий Пупкин and Эйнштейн, А.},
  title = 		 {\LaTeX для <<чайников>>},
  publisher = 	 {М.},
  pagetotal = {299},
  year = 		 {2009},
  language =     "russian"
}

@online{wiki:latex,
  author = {Wikipedia},
  title = {Типографика "--- Википедия},
  year = {2012},
  url = {https://ru.wikipedia.org/wiki/%D0%A2%D0%B8%D0%BF%D0%BE%D0%B3%D1%80%D0%B0%D1%84%D0%B8%D0%BA%D0%B0},
  urldate = {25.01.2012},
  language =     "russian"
}


@book{newman2019monolith,
  title={Monolith to microservices: evolutionary patterns to transform your monolith},
  author={Newman, Sam},
  year={2019},
  publisher={O'Reilly Media},
  language =  "russian"
}

@online{vedomosti:service_grow,
  author = {Ведомости},
  title = {Настоящее и будущее цифровых сервисов для бизнеса },
  year = {2023},
  url = {https://www.vedomosti.ru/technologies/new_technologies/articles/2023/07/06/983972-nastoyaschee-i-buduschee-tsifrovih-servisov-dlya-biznesa},
  urldate = {25.10.2023},
  language =     "russian"
}

@article{wolde2021rest,
  title={REST API composition for effectively testing the Cloud},
  author={Wolde, Behailu Getachew and Boltana, Abiot Sinamo},
  journal={Journal of applied research and technology},
  volume={19},
  number={6},
  pages={676--693},
  year={2021},
  publisher={Universidad Nacional Aut{\'o}noma de M{\'e}xico, Instituto de Ciencias Aplicadas},
  language =     "russian"
}


@inproceedings{ntentos2019supporting,
  title={Supporting architectural decision making on data management in microservice architectures},
  author={Ntentos, Evangelos and Zdun, Uwe and Plakidas, Konstantinos and Schall, Daniel and Li, Fei and Meixner, Sebastian},
  booktitle={Software Architecture: 13th European Conference, ECSA 2019, Paris, France, September 9--13, 2019, Proceedings 13},
  pages={20--36},
  year={2019},
  organization={Springer},
  language =     "russian"
}

@article{lee2015semantic,
  title={Semantic-Based Web API Composition for Data Mashups.},
  author={Lee, Yong-Ju},
  journal={J. Inf. Sci. Eng.},
  volume={31},
  number={4},
  pages={1233--1248},
  year={2015},
  publisher={Citeseer},
  language =     "russian"
}

@online{saleforce:api_Federation,
  author = {Garrote Antonio},
  title = {API Federation: growing scalable API landscapes},
  year = {2023},
  url = {https://engineering.salesforce.com/api-federation-growing-scalable-api-landscapes-a0f1f0dad506/},
  urldate = {25.10.2023},
  language =     "russian"
}



@techreport{srinivasan1995rpc,
  title={RPC: Remote procedure call protocol specification version 2},
  author={Srinivasan, Raj},
  year={1995},
  language =     "russian"
}

@book{wilde2011rest,
  title={REST: from research to practice},
  author={Wilde, Erik and Pautasso, Cesare},
  year={2011},
  publisher={Springer Science \& Business Media},
  language =     "russian"
}

@techreport{box2000simple,
  title={Simple object access protocol (SOAP) 1.1},
  author={Box, Don and Ehnebuske, David and Kakivaya, Gopal and Layman, Andrew and Mendelsohn, Noah and Nielsen, Henrik Frystyk and Thatte, Satish and Winer, Dave},
  year={2000},
  language =     "russian"
}
@techreport{graphql2021specification,
   title={Specification for GraphQL},
   author={Facebook Inc, GraphQL contributors},
   year={2021},
   url = {http://spec.graphql.org/October2021/},
   urldate = {17.11.2023},
   language =     "russian",
}

@article{kaminski2022comparative,
  title={Comparative review of selected Internet communication protocols},
  author={Kaminski, Lukasz and Kozlowski, Maciej and Sporysz, Daniel and Wolska, Katarzyna and Zaniewski, Patryk and Roszczyk, Radoslaw},
  journal={Foundations of Computing and Decision Sciences},
  volume={48},
  number={1},
  pages={39--56},
  year={2022},
  language =     "russian"
}




@article{ali2021api,
  title={API GATEWAY ARCHITECTURE EXPLAINED},
  author={Ali, Syed Afraz and Zafar, Muhammad Waleed},
  journal={INTERNATIONAL JOURNAL OF COMPUTER SCIENCE AND TECHNOLOGY},
  volume={5},
  number={1},
  pages={506--546},
  year={2021},
  language =     "russian"
}


@article{serrano2020semantics,
  title={Semantics-based API discovery, matching and composition with linked metadata},
  author={Serrano, Diego and Stroulia, Eleni},
  journal={Service Oriented Computing and Applications},
  volume={14},
  number={4},
  pages={283--296},
  year={2020},
  publisher={Springer},
  language =     "russian"
}
@book{ponelat2022designing,
  title={Designing APIs with Swagger and OpenAPI},
  author={Ponelat, Josh and Rosenstock, Lukas},
  year={2022},
  publisher={Simon and Schuster},
  language =     "russian"
}


@inproceedings{netedu2020web,
  title={A Web Service Composition Method Based on OpenAPI Semantic Annotations},
  author={Netedu, Andrei and Buraga, Sabin C and Diac, Paul and Tucuar, Liana},
  booktitle={Advances in E-Business Engineering for Ubiquitous Computing: Proceedings of the 16th International Conference on e-Business Engineering (ICEBE 2019)},
  pages={342--357},
  year={2020},
  organization={Springer},
  language =     "russian"
}


@article{bmstun2016methaf_khl,
  title={Методика проектирования корпоративного хранилища данных на базе платформы sap Net Weaver Business warehouse},
  author={Тоноян, СА and Высочанский, ВА},
  journal={Вестник Московского государственного технического университета им. Н.Э. Баумана. Серия {\guillemotleft}Приборостроение{\guillemotright}},
  number={4 (109)},
  pages={33--48},
  year={2016},
  publisher={МГТУ им. Н.Э. Баумана},
  language =     "russian"
}

@incollection{vassiliadis2008near,
  title={Near real time ETL},
  author={Vassiliadis, Panos and Simitsis, Alkis},
  booktitle={New trends in data warehousing and data analysis},
  pages={1--31},
  year={2008},
  publisher={Springer},
  language =     "russian"
}



@online{apollo:federation,
  author = {Apollo Foundation},
  title = {GraphQl Apollo Federation documentation},
  url = {https://www.apollographql.com/docs/federation/},
  urldate = {25.12.2023},
  language =     "russian"
}


@online{mulesoft:anypoint,
  author = {Mulesoft},
  title = {Anypoint Platform documentation},
  url = {https://docs.mulesoft.com/general/},
  urldate = {25.12.2023},
  language =     "russian"
}

@online{google:apigee,
  author = {Google Inc.},
  title = {Apigee API Management documentation},
  url = {hthttps://cloud.google.com/apigee},
  urldate = {25.12.2023},
  language =     "russian"
}
@online{aws:gateway,
  author = {Amazon},
  title = {API Gateway - AWS Documentation},
  url = {https://docs.aws.amazon.com/apigateway/latest/developerguide/welcome.html},
  urldate = {25.12.2023},
  language =     "russian"
}
